@misc{khmer,
  author = "Michael Crusoe and Greg Edvenson and Jordan Fish and Adina Howe and Eric McDonald and Joshua Nahum and Kaben Nanlohy and Jason Pell and Jared Simpson and C. S. Welcher and Qingpeng Zhang and C. Titus Brown",
  title  = "ged-lab/khmer",
  month  = "sep",
  year   = "2013",
  howpublished = {\url{https://github.com/ged-lab/khmer}}
}

@misc{wiki:avida,
   author = "Wikipedia",
   title = "Avida --- Wikipedia{,} The Free Encyclopedia",
   year = "2013",
   howpublished = {\url{http://en.wikipedia.org/w/index.php?title=Avida&oldid=569459406}},
   note = "[Online; accessed 7-September-2013]"
 }

@unpublished{diginorm,
   AUTHOR  = {Brown, CT AND Howe, A AND Zhang, Q AND Pyrkosz, A AND Brom, TH},
   TITLE   = {A Reference-Free Algorithm for Computational Normalization of Shotgun Sequencing Data},
   YEAR    = {2012},
   NOTE    = {In review at PLoS One, July 2012; Preprint at http://arxiv.org/abs/1203.4802}
}

@unpublished{kmer-percolation,
   AUTHOR  = {Pell, J AND Hintze, A AND Canino-Koning, R AND Howe, A AND Tiedje, JM AND Brown, CT},
   TITLE = {Scaling metagenome sequence assembly with probabilistic de Bruijn graphs},
   YEAR = {2012},
   NOTE  = {Accepted at PNAS, July 2012; Preprint at http://arxiv.org/abs/1112.4193}
}

@misc{slideshare:cloud-analysis2012,
   AUTHOR = {C. Titus Brown},
   TITLE = {Doing next-gen sequencing analysis in the cloud},
   YEAR = {2012},
   howpublished = {\url{http://www.slideshare.net/c.titus.brown/talk-at-bioinformatics-open-source-conference-2012}},
   note = "[Online; accessed 7-September-2013]"
}

@proceedings{adami1994evolutionary,
  title={Evolutionary learning in the 2D artificial life system âAvidaâ},
  author={Adami, Chris and Brown, C Titus},
  booktitle={Artificial Life IV},
  editor={Rodney Brooks and Pattie Maes},
  pages={377--381},
  year={1994},
  publisher={The MIT Press Cambridge, MA}
}

@article{DBLP:journals/corr/abs-1303-2223,
  author    = {Eric McDonald and
               C. Titus Brown},
  title     = {khmer: Working with Big Data in Bioinformatics},
  journal   = {CoRR},
  volume    = {abs/1303.2223},
  year      = {2013},
  howpublished = {\url{http://arxiv.org/abs/1303.2223}},
  bibsource = {DBLP, http://dblp.uni-trier.de}
}

@misc{brown2012bigdata,
  title={BIGDATA: Small: DA: DCM: Low-memory Streaming Prefilters for Biological Sequencing Data},
  author={Brown, C Titus},
  year={2012},
  howpublished = {\url{http://www.ged.msu.edu/downloads/2012-bigdata-nsf.pdf}}
}

@misc{brown2012CAREER,
  title="CAREER: ABI: Assembling Extremely Large Metagenomes",
  author="C. Titus Brown",
  year="2012",
  howpublished = {\url{http://ged.msu.edu/downloads/2012-career-nsf-final.pdf}}
}

@misc{brown2009USDA,
  title="USDA grant proposal",
  author="C Titus Brown",
  year="2009",
  howpublished = {\url{http://www.ged.msu.edu/downloads/2009-usda-vertex.pdf}}
}

@misc{khmer-assessment,
  title="Criteria-based assessment of the khmer suite",
  author="Michael R. Crusoe",
  year="2013",
  howpublished = {\url{http://goo.gl/MZGGhc}}
}

@misc{khmer-1.0-assessment,
  title="Criteria-based assessment of the khmer suite v1.0",
  author="Michael R. Crusoe",
  year="2014",
  howpublished = {\url{http://goo.gl/SCayk5}}
}

@misc{SSI-eval-guide,
  title="Software Evaluation Guide",
  author="Mike Jackson and Steve Crouch and Rob Baxter",
  year="2013",
  howpublished = {\url{http://www.software.ac.uk/resources/guides-everything/software-evaluation-guide}}
}

@misc{SSI-casestudies,
  title="Institute Case Studies: From Consultancy Projects to Case Studies",
  author="Steve	Crouch",
  year="2012",
  howpublished = {\url{http://www.software.ac.uk/attach/CaseStudies.pdf}}
}

@misc{SSI-recomputation,
  title="The Recomputation Manifesto",
  author="Ian Gent",
  year="2013",
  howpublished = {\url{http://www.software.ac.uk/blog/2013-07-09-recomputation-manifesto}}
}

@misc{khmer-future,
  title="The future of khmer (2013 version)",
  author="C. Titus Brown",
  year="2013",
  howpublished = {\url{http://ivory.idyll.org/blog/the-future-of-khmer-2013-version.html}}
}

@misc{nagy2007,
  author="John D. Nagy",
  year="2007",
  howpublished="private communication"
}

@misc{GitHubFlow,
   title       = {GitHub Flow}, 
   author      = {Scott Chacon},
   year        = {2011},
   howpublished = {\url{http://scottchacon.com/2011/08/31/github-flow.html}},
   biburl      = {http://www.bibsonomy.org/url/5669f09e770c1bae1f4a84a753eff260/mcrusoe},
   keywords    = {github},
   added-at    = {2013-09-09T21:49:31.000+0200},
   description = {},
   interhash   = {5669f09e770c1bae1f4a84a753eff260}, 
   intrahash   = {5669f09e770c1bae1f4a84a753eff260}
}

@misc{SDD,
   title       = {"Stupidity Driven Testing" and PyCon '07}, 
   author      = {C. Titus Brown},
   year        = {2007},
   howpublished = {\url{http://ivory.idyll.org/blog/stupidity-driven-testing.html}},
   biburl      = {http://www.bibsonomy.org/url/8d06b995d9f897a96323b7fe0efb9629/mcrusoe},
   keywords    = {SDD ctb stupidity},
   added-at    = {2013-09-09T21:52:21.000+0200},
   description = {},
   interhash   = {8d06b995d9f897a96323b7fe0efb9629}, 
   intrahash   = {8d06b995d9f897a96323b7fe0efb9629}
}

@misc{semver,
   title       = {"Semantic Versioning 2.0.0"},
   author      = {Tom Preston-Werner},
   year        = {2013},
   howpublished = {\url{http://semver.org/}}
}
@article{Brown2012,
	Author = {C. Titus Brown and Adina Howe and Qingpeng Zhang and Alexis B. Pyrkosz and Timothy H. Brom},
	Journal = {arXiv preprint},
	Month = {03},
	Title = {A Reference-Free Algorithm for Computational Normalization of Shotgun Sequencing Data},
	Year = {2012}}


@article{Zhang2013,
	Author = {Qingpeng Zhang and Jason Pell and Rosangela Canino-Koning and Adina Chuang Howe and C. Titus Brown},
	Journal = {arXiv preprint},
	Month = {09},
	Title = {These are not the k-mers you are looking for: efficient online k-mer counting using a probabilistic data structure},
	Year = {2013}}

@article{Pell2012,
	Author = {Pell, Jason and Hintze, Arend and Canino-Koning, Rosangela and Howe, Adina and Tiedje, James M and Brown, C Titus},
	Journal = {Proc Natl Acad Sci U S A},
	Month = {Aug},
	Number = {33},
	Pages = {13272-7},
	Title = {Scaling metagenome sequence assembly with probabilistic de Bruijn graphs},
	Volume = {109},
	Year = {2012}}

